@article{Ross2003Modeling,
  title = {Modeling microbial growth within food safety risk assessments},
  author = {Ross, Thomas and McMeekin, Thomas Alexander},
  journal = {Risk Analysis},
  volume = {23},
  number = {1},
  pages = {179--197},
  year = {2003},
  doi = {10.1111/1539-6924.00299},
  url = {https://pubmed.ncbi.nlm.nih.gov/12635732/}
}



@article{Skarstad1983,
  title = {Cell cycle parameters of slowly growing Escherichia coli B/r studied by flow cytometry},
  author = {Skarstad, K and Steen, HB and Boye, E},
  journal = {J. Bacteriol.},
  volume = {154},
  number = {2},
  pages = {656--662},
  year = {1983},
  doi = {10.1128/jb.154.2.656-662.1983},
  pmcid = {PMC217513},
  pmid = {6341358}
}

@article{Novick1955,
  title = {Growth of Bacteria},
  author = {Novick, A},
  journal = {Annual Review of Microbiology},
  volume = {9},
  pages = {97--110},
  year = {1955},
  doi = {10.1146/annurev.mi.09.100155.000525},
  pmid = {13259461}
}


@article{Zwietering1990,
  author={Zwietering, M. H. and Jongenburger, I. and Rombouts, F. M. and van 't Riet, K.},
  title={Modeling of the bacterial growth curve},
  journal={Applied and Environmental Microbiology},
  volume={56},
  number={6},
  pages={1875--1881},
  year={1990},
  publisher={American Society for Microbiology},
  doi={10.1128/AEM.56.6.1875-1881.1990}
}

@article{vlazaki_integrating_2019,
	title = {Integrating mathematical models with experimental data to investigate the within-host dynamics of bacterial infections},
	volume = {77},
	issn = {2049-632X},
	doi = {10.1093/femspd/ftaa001},
	language = {en},
	number = {8},
	urldate = {2021-11-29},
	journal = {Pathogens and Disease},
	author = {Vlazaki, Myrto and Huber, John and Restif, Olivier},
	month = nov,
	year = {2019},
}

@book{kruger_2002_bradford,
  author    = {Kruger, Nicholas J.},
  title     = {The Bradford Method for Protein Quantitation},
  booktitle = {Protein Protocols Handbook},
  pages     = {15--22},
  year      = {2002},
  doi       = {10.1385/1-59259-169-8:15},
  isbn      = {1-59259-169-8}
}

@article{bradford_1976_protein,
  title={A rapid and sensitive method for the quantitation of microgram quantities of protein utilizing the principle of protein-dye binding},
  author={Bradford, Marion M},
  journal={Analytical Biochemistry},
  volume={72},
  number={1-2},
  pages={248--254},
  year={1976},
  month={May},
  publisher={Elsevier},
  doi={10.1006/abio.1976.9999},
  PMID={942051}
}

@incollection{kruger_2009,
  title={The Bradford Method For Protein Quantitation},
  author={Kruger, Nicholas J.},
  booktitle={The Protein Protocols Handbook},
  editor={Walker, John M.},
  publisher={Humana Press},
  address={Totowa, NJ},
  pages={17--24},
  year={2009},
  doi={10.1007/978-1-59745-198-7_4},
  isbn={978-1-60327-474-6},
  url={https://link.springer.com/protocol/10.1007/978-1-59745-198-7_4},
  urldate={2022-06-27}
}

@book{schwartzberg1992physical,
  title={Physical Chemistry of Foods},
  author={Schwartzberg, Henry G. and Hartel, Richard W.},
  year={1992},
  publisher={Marcel Dekker, Inc.},
  address={New York},
  series={IFT Basic Symposium Series},
  pages={793}
}

@article{rabilloud2018optimization,
  title={Optimization of the cydex blue assay: A one-step colorimetric protein assay using cyclodextrins and compatible with detergents and reducers},
  author={Rabilloud, Thierry},
  journal={PLOS ONE},
  volume={13},
  number={4},
  pages={e0195755},
  year={2018},
  publisher={Public Library of Science},
  bibcode={2018PLoSO..1395755R},
  doi={10.1371/journal.pone.0195755},
  PMC={5895047},
  PMID={29641569}
}
